% Encoding: UTF-8

@Book{gost_19.701,
  title     = {ГОСТ 19.701-90. Единая система программной документации. Схемы алгоритмов, программ, данных и систем. Условные обозначения и правила выполнения.},
  publisher = {Издательство стандартов},
  year      = {1991},
  address   = {М.},
  note      = {Введ. 01.01.1992},
}

@Book{gluhova,
  title     = {Основы алгоритмизации и программирования: лаб. практикум для студ. спец. 1-40 01 01 "Программное обеспечение информационных технологий" дневной формы обуч. В 4 ч.},
  publisher = {БГУИР},
  year      = {2004},
  author    = {Л. А. Глухова and Е. П. Фадеева and Е. Е. Фадеева},
  address   = {Минск},
}

@Book{domanov,
  title     = {Стандарт предприятия. Дипломные проекты (работы). Общие требования.},
  publisher = {БГУИР},
  year      = {2010},
  author    = {А. Т. Доманов and Н. И. Сорока},
  address   = {Минск},
}

@Book{kulikov,
  title     = {Работа с MySQL, MS SQL Server и Oracle в примерах. Практическое пособие для программистов и тестировщиков .},
  publisher = {EPAM Systems, RD Dep.},
  year      = {2016},
  author    = {С. С. Куликов},
  note      = {http://svyatoslav.biz/database\_book/},
}

@Book{practical_tutorial_sql,
  title     = {Практическое руководство по SQL},
  publisher = {Вильямс},
  year      = {2002},
  author    = {Дж. Боуман and С. Эмерсон and М. Дарновски},
}

@Misc{wiki_db_modelling,
  title        = {Проектирование баз данных [Электронный ресурс]},
  howpublished = {Электронные данные},
  note         = {Режим доступа: https://ru.wikipedia.org/wiki/Проектирование\_баз\_данных. --- Дата доступа: 11.12.16},
  owner        = {egorshulga},
  timestamp    = {2016-12-11},
}

@Misc{wiki_db,
  title        = {База данных [Электронный ресурс]},
  howpublished = {Электронные данные},
  note         = {Режим доступа: https://ru.wikipedia.org/wiki/База\_данных. --- Дата доступа: 11.12.16},
  timestamp    = {2016-12-11},
}

@Misc{wiki_information,
  title        = {Информация [Электронный ресурс]},
  howpublished = {Электронные данные},
  note         = {Режим доступа: https://ru.wikipedia.org/wiki/Информация. --- Дата доступа: 11.12.16},
  timestamp    = {2016-12-11},
}

@Book{gost_7.0,
  title     = {ГОСТ 7.0-99 Информационно-библиотечная деятельность, библиография. Термины и определения},
  publisher = {Межгосударственный совет по стандартизации, метрологии и сертификации},
  year      = {1999},
  address   = {М.},
}

@Misc{iso_iec_vocabulary,
  title        = {ISO/IEC/IEEE 24765:2010 Systems and software engineering — Vocabulary [Электронный ресурс]},
  howpublished = {Электронные данные},
  note         = {Режим доступа: https://www.iso.org/obp/ui/\#iso:std:iso-iec-ieee:24765:ed-1:v1:en. --- Дата доступа: 11.12.16},
  timestamp    = {2016-12-11},
}

@Misc{wiki_data,
  title        = {Данные (вычислительная техника) [Электронный ресурс]},
  howpublished = {Электронные данные},
  note         = {Режим доступа: https://ru.wikipedia.org/wiki/Данные\_(вычислительная\_техника). --- Дата доступа: 11.12.16},
  timestamp    = {2016-12-11},
}

@Misc{iso_iec_it_vocabulary,
  title        = {ISO/IEC 2382-1:1993, Information technology — Vocabulary — Part 1: Fundamental terms [Электронный ресурс]},
  howpublished = {Электронные данные},
  note         = {Режим доступа: https://www.iso.org/obp/ui/\#iso:std:iso-iec-ieee:2382:ed-1:v1:en. --- Дата доступа: 11.12.16},
  timestamp    = {2016-12-11},
}

@Misc{habr_db_tutorial,
  title        = {Руководство по проектированию реляционных баз данных (1-3 часть из 15) [Электронный ресурс]},
  howpublished = {Электронные данные},
  note         = {Режим доступа: https://habrahabr.ru/post/193136/. --- Дата доступа: 11.12.16},
  timestamp    = {2016-12-11},
}

@Book{kulikov_db_workbook,
  title  = {Базы данных. Рабочая тетрадь.},
  author = {С. С. Куликов},
}

@Article{codd,
  author  = {E. F. Codd},
  title   = {A Relational Model of Data for Large Shared Data Banks},
  journal = {Communication of the ACM},
  year    = {1970},
  volume  = {13},
  number  = {6},
}

@Misc{wiki_codd,
  title        = {Edgar F. Codd [Электронный ресурс]},
  howpublished = {Электронные данные},
  note         = {Режим доступа: https://en.wikipedia.org/wiki/Edgar\_F.\_Codd. --- Дата доступа: 11.12.16},
  timestamp    = {2016-12-11},
}

@Misc{wiki_sql,
  title        = {SQL [Электронный ресурс]},
  howpublished = {Электронные данные},
  note         = {Режим доступа: https://en.wikipedia.org/wiki/SQL. --- Дата доступа: 11.12.16},
  timestamp    = {2016-12-11},
}

@Book{mcconnell_2005,
  title     = {Совершенный код. Мастер"=класс / Пер. с англ.},
  publisher = {Издательско"=торговый дом <<Русская редакция>>},
  year      = {2005},
  author    = {С. Макконнелл},
  address   = {СПб.},
  language  = {russian},
  pages     = {896},
  timestamp = {2013.03.18},
}

@Misc{wiki_mysql,
  title        = {MySQL [Электронный ресурс]},
  howpublished = {Электронные данные},
  note         = {Режим доступа: https://ru.wikipedia.org/wiki/MySQL. --- Дата доступа: 14.12.16},
  timestamp    = {2016-12-11},
}

@Misc{wiki_sparx_ea,
  title        = {Enterprise Architect (software) [Электронный ресурс]},
  howpublished = {Электронные данные},
  note         = {Режим доступа: https://en.wikipedia.org/wiki/Enterprise\_Architect\_(software). --- Дата доступа: 14.12.16},
  timestamp    = {2016-12-11},
}

@Comment{jabref-meta: databaseType:bibtex;}
